% This file was created with JabRef 2.7b.
% Encoding: ISO8859_1

@ARTICLE{1998AJ....116.1688V,
  author = {{van den Bergh}, S.},
  title = {{The Binary Galaxies NGC 147 and NGC 185}},
  journal = {\aj},
  year = {1998},
  volume = {116},
  pages = {1688-1689},
  month = oct,
  adsnote = {Provided by the SAO/NASA Astrophysics Data System},
  adsurl = {http://adsabs.harvard.edu/abs/1998AJ....116.1688V},
  doi = {10.1086/300576},
  eprint = {astro-ph/9807083},
  file = {1998AJ....116.1688V.pdf:1998AJ....116.1688V.pdf:PDF},
  keywords = {GALAXIES: INDIVIDUAL (NGC 147, NGC 185), GALAXIES: LOCAL GROUP},
  owner = {magda},
  timestamp = {2014.01.19}
}

@ARTICLE{2005ApJ...635..931B,
  author = {{Bullock}, J.~S. and {Johnston}, K.~V.},
  title = {{Tracing Galaxy Formation with Stellar Halos. I. Methods}},
  journal = {\apj},
  year = {2005},
  volume = {635},
  pages = {931-949},
  month = dec,
  adsnote = {Provided by the SAO/NASA Astrophysics Data System},
  adsurl = {http://adsabs.harvard.edu/abs/2005ApJ...635..931B},
  doi = {10.1086/497422},
  eprint = {arXiv:astro-ph/0506467},
  file = {:0004-637X_635_2_931.pdf:PDF},
  keywords = {Cosmology: Dark Matter, Galaxies: Dwarf, Galaxies: Evolution, Galaxies:
	Formation, Galaxies: Halos, Galaxies: Kinematics and Dynamics, Galaxy:
	Evolution, Galaxy: Formation, Galaxy: Halo, Galaxy: Kinematics and
	Dynamics, Galaxies: Local Group},
  owner = {magda},
  timestamp = {2014.01.19}
}

@ARTICLE{2012ApJ...758...11C,
  author = {{Conn}, A.~R. and {Ibata}, R.~A. and {Lewis}, G.~F. and {Parker},
	Q.~A. and {Zucker}, D.~B. and {Martin}, N.~F. and {McConnachie},
	A.~W. and {Irwin}, M.~J. and {Tanvir}, N. and {Fardal}, M.~A. and
	{Ferguson}, A.~M.~N. and {Chapman}, S.~C. and {Valls-Gabaud}, D.},
  title = {{A Bayesian Approach to Locating the Red Giant Branch Tip Magnitude.
	II. Distances to the Satellites of M31}},
  journal = {\apj},
  year = {2012},
  volume = {758},
  pages = {11},
  month = oct,
  eid = {11},
  adsnote = {Provided by the SAO/NASA Astrophysics Data System},
  adsurl = {http://adsabs.harvard.edu/abs/2012ApJ...758...11C},
  archiveprefix = {arXiv},
  doi = {10.1088/0004-637X/758/1/11},
  eprint = {1209.4952},
  file = {2012ApJ...758...11C.pdf:2012ApJ...758...11C.pdf:PDF},
  keywords = {galaxies: general, galaxies: stellar content, Local Group},
  owner = {magda},
  primaryclass = {astro-ph.CO},
  timestamp = {2014.01.19}
}

@ARTICLE{2006MNRAS.366..996G,
  author = {{Geehan}, J.~J. and {Fardal}, M.~A. and {Babul}, A. and {Guhathakurta},
	P. },
  title = {{Investigating the Andromeda stream - I. Simple analytic bulge-disc-halo
	model for M31}},
  journal = {\mnras},
  year = {2006},
  volume = {366},
  pages = {996-1011},
  month = mar,
  adsnote = {Provided by the SAO/NASA Astrophysics Data System},
  adsurl = {http://adsabs.harvard.edu/abs/2006MNRAS.366..996G},
  doi = {10.1111/j.1365-2966.2005.09863.x},
  eprint = {astro-ph/0501240},
  file = {2006MNRAS.366..996G.pdf:2006MNRAS.366..996G.pdf:PDF},
  keywords = {galaxies: individual: M31, galaxies: kinematics and dynamics},
  owner = {magda},
  timestamp = {2014.01.19}
}

@ARTICLE{1990ApJ...356..359H,
  author = {{Hernquist}, L.},
  title = {{An analytical model for spherical galaxies and bulges}},
  journal = {\apj},
  year = {1990},
  volume = {356},
  pages = {359-364},
  month = jun,
  adsnote = {Provided by the SAO/NASA Astrophysics Data System},
  adsurl = {http://adsabs.harvard.edu/abs/1990ApJ...356..359H},
  doi = {10.1086/168845},
  file = {1990ApJ...356..359H.pdf:1990ApJ...356..359H.pdf:PDF},
  keywords = {Computational Astrophysics, Elliptical Galaxies, Galactic Bulge, Galactic
	Structure, Astronomical Models, Astronomical Photometry, Brightness
	Distribution, Distribution Functions},
  owner = {magda},
  timestamp = {2014.01.19}
}

@ARTICLE{1975PASJ...27..533M,
  author = {{Miyamoto}, M. and {Nagai}, R.},
  title = {{Three-dimensional models for the distribution of mass in galaxies}},
  journal = {\pasj},
  year = {1975},
  volume = {27},
  pages = {533-543},
  adsnote = {Provided by the SAO/NASA Astrophysics Data System},
  adsurl = {http://adsabs.harvard.edu/abs/1975PASJ...27..533M},
  file = {1975PASJ...27..533M.pdf:1975PASJ...27..533M.pdf:PDF},
  keywords = {Astronomical Models, Density Distribution, Galactic Structure, Mass
	Distribution, Potential Theory, Three Dimensional Models, Functions
	(Mathematics), Globular Clusters, Gravitational Effects, Mathematical
	Models, Milky Way Galaxy},
  owner = {magda},
  timestamp = {2014.01.19}
}

@ARTICLE{1997ApJ...490..493N,
  author = {{Navarro}, J.~F. and {Frenk}, C.~S. and {White}, S.~D.~M.},
  title = {{A Universal Density Profile from Hierarchical Clustering}},
  journal = {\apj},
  year = {1997},
  volume = {490},
  pages = {493},
  month = dec,
  adsnote = {Provided by the SAO/NASA Astrophysics Data System},
  adsurl = {http://adsabs.harvard.edu/abs/1997ApJ...490..493N},
  doi = {10.1086/304888},
  eprint = {arXiv:astro-ph/9611107},
  file = {:1997ApJ...490..493N.pdf:PDF},
  keywords = {COSMOLOGY: THEORY, COSMOLOGY: DARK MATTER, GALAXIES: HALOS, METHODS:
	NUMERICAL},
  owner = {magda},
  timestamp = {2014.01.19}
}

@comment{jabref-meta: selector_publisher:}

@comment{jabref-meta: selector_author:}

@comment{jabref-meta: selector_journal:}

@comment{jabref-meta: selector_keywords:}

