% This file was created with JabRef 2.10b2.
% Encoding: UTF8

%comentarios:
@Article{2012ApJ...756L...2A,
  Title                    = {{A Troublesome Past: Chemodynamics of the Fornax Dwarf Spheroidal}},
  Author                   = {{Amorisco}, N.~C. and {Evans}, N.~W.},
  Journal                  = {\apjl},
  Year                     = {2012},

  Month                    = sep,
  Pages                    = {L2},
  Volume                   = {756},

  Abstract                 = {We present compelling evidence for the complexity of the Fornax dwarf spheroidal. By disentangling three different stellar subpopulations in its red giant branch, we are able to study in detail the dependence between kinematics and metallicity. A well-defined ordering in velocity dispersion, spatial concentration, and metallicity is evident in the subpopulations. We also present evidence for a significant misalignment between the angular momentum vectors of the old- and intermediate-age populations. According to the Hubble Space Telescope measurement of Fornax's proper motion, this corresponds to counter-rotation. These ingredients are used to construct a novel evolutionary history of the Fornax dwarf spheroidal, characterized as a late merger of a bound pair.},
  Adsnote                  = {Provided by the SAO/NASA Astrophysics Data System},
  Adsurl                   = {http://adsabs.harvard.edu/abs/2012ApJ...756L...2A},
  Archiveprefix            = {arXiv},
  Doi                      = {10.1088/2041-8205/756/1/L2},
  Eid                      = {L2},
  Eprint                   = {1206.6691},
  Keywords                 = {galaxies: dwarf, galaxies: individual: Fornax, galaxies: interactions, galaxies: kinematics and dynamics},
  Primaryclass             = {astro-ph.CO}
}

@Article{2014Natur.507..335A,
  Title                    = {{The remnant of a merger between two dwarf galaxies in Andromeda II}},
  Author                   = {{Amorisco}, N.~C. and {Evans}, N.~W. and {van de Ven}, G.},
  Journal                  = {\nat},
  Year                     = {2014},

  Month                    = mar,
  Pages                    = {335-337},
  Volume                   = {507},

  Adsnote                  = {Provided by the SAO/NASA Astrophysics Data System},
  Adsurl                   = {http://adsabs.harvard.edu/abs/2014Natur.507..335A},
  Archiveprefix            = {arXiv},
  Doi                      = {10.1038/nature12995},
  Eprint                   = {1402.5142},
  Primaryclass             = {astro-ph.GA}
}

@Article{2013A&A...559L..11B,
  Title                    = {{Dwarfs walking in a row. The filamentary nature of the NGC 3109 association}},
  Author                   = {{Bellazzini}, M. and {Oosterloo}, T. and {Fraternali}, F. and {Beccari}, G.},
  Journal                  = {\aap},
  Year                     = {2013},

  Month                    = nov,
  Pages                    = {L11},
  Volume                   = {559},

  Adsnote                  = {Provided by the SAO/NASA Astrophysics Data System},
  Adsurl                   = {http://adsabs.harvard.edu/abs/2013A%26A...559L..11B},
  Archiveprefix            = {arXiv},
  Doi                      = {10.1051/0004-6361/201322744},
  Eid                      = {L11},
  Eprint                   = {1310.6365},
  File                     = {2013A&A...559L..11B.pdf:2013A&A...559L..11B.pdf:PDF},
  Keywords                 = {Local Group, galaxies: interactions, galaxies: individual: NGC 3109},
  Owner                    = {magda},
  Primaryclass             = {astro-ph.CO},
  Timestamp                = {2014.07.17}
}

@Article{2014MNRAS.441.2124B,
  Title                    = {{ATLAS lifts the Cup: discovery of a new Milky Way satellite in Crater}},
  Author                   = {{Belokurov}, V. and {Irwin}, M.~J. and {Koposov}, S.~E. and {Evans}, N.~W. and {Gonzalez-Solares}, E. and {Metcalfe}, N. and {Shanks}, T.},
  Journal                  = {\mnras},
  Year                     = {2014},

  Month                    = jul,
  Pages                    = {2124-2133},
  Volume                   = {441},

  Adsnote                  = {Provided by the SAO/NASA Astrophysics Data System},
  Adsurl                   = {http://adsabs.harvard.edu/abs/2014MNRAS.441.2124B},
  Archiveprefix            = {arXiv},
  Doi                      = {10.1093/mnras/stu626},
  Eprint                   = {1403.3406},
  Keywords                 = {Stars: Hertzsprung-Russell and colour-magnitude diagrams, Galaxy: fundamental parameters, Galaxy: globular clusters: general, Galaxy: halo, Galaxies: dwarf}
}

@Article{2008ApJ...686L..83B,
  Title                    = {{Leo V: A Companion of a Companion of the Milky Way Galaxy?}},
  Author                   = {{Belokurov}, V. and {Walker}, M.~G. and {Evans}, N.~W. and {Faria}, D.~C. and {Gilmore}, G. and {Irwin}, M.~J. and {Koposov}, S. and {Mateo}, M. and {Olszewski}, E. and {Zucker}, D.~B.},
  Journal                  = {\apjl},
  Year                     = {2008},

  Month                    = oct,
  Pages                    = {L83-L86},
  Volume                   = {686},

  Adsnote                  = {Provided by the SAO/NASA Astrophysics Data System},
  Adsurl                   = {http://adsabs.harvard.edu/abs/2008ApJ...686L..83B},
  Archiveprefix            = {arXiv},
  Doi                      = {10.1086/592962},
  Eprint                   = {0807.2831},
  Keywords                 = {Galaxies: Dwarf, galaxies: individual (Leo), Galaxies: Local Group},
  Owner                    = {magda},
  Timestamp                = {2014.07.17}
}

@Article{2006ApJ...642L.137B,
  Title                    = {{The Field of Streams: Sagittarius and Its Siblings}},
  Author                   = {{Belokurov}, V. and {Zucker}, D.~B. and {Evans}, N.~W. and {Gilmore}, G. and {Vidrih}, S. and {Bramich}, D.~M. and {Newberg}, H.~J. and {Wyse}, R.~F.~G. and {Irwin}, M.~J. and {Fellhauer}, M. and {Hewett}, P.~C. and {Walton}, N.~A. and {Wilkinson}, M.~I. and {Cole}, N. and {Yanny}, B. and {Rockosi}, C.~M. and {Beers}, T.~C. and {Bell}, E.~F. and {Brinkmann}, J. and {Ivezi{\'c}}, {\v Z}. and {Lupton}, R.},
  Journal                  = {\apjl},
  Year                     = {2006},

  Month                    = may,
  Pages                    = {L137-L140},
  Volume                   = {642},

  Adsnote                  = {Provided by the SAO/NASA Astrophysics Data System},
  Adsurl                   = {http://adsabs.harvard.edu/abs/2006ApJ...642L.137B},
  Doi                      = {10.1086/504797},
  Eprint                   = {astro-ph/0605025},
  File                     = {2006ApJ...642L.137B.pdf:2006ApJ...642L.137B.pdf:PDF},
  Keywords                 = {Galaxies: Individual: Name: Sagittarius dSph, Galaxies: Kinematics and Dynamics, Galaxies: Structure, Galaxy: Halo, Galaxies: Local Group},
  Owner                    = {magda},
  Timestamp                = {2014.07.18}
}

@Article{2012MNRAS.421.2109B,
  Title                    = {{The role of dwarf galaxy interactions in shaping the Magellanic System and implications for Magellanic Irregulars}},
  Author                   = {{Besla}, G. and {Kallivayalil}, N. and {Hernquist}, L. and {van der Marel}, R.~P. and {Cox}, T.~J. and {Kerevs}, ~D.},
  Journal                  = {\mnras},
  Year                     = {2012},

  Month                    = apr,
  Pages                    = {2109-2138},
  Volume                   = {421},

  Abstract                 = {We present a novel pair of numerical models of the interaction history between the Large and Small Magellanic Clouds (LMC and SMC, respectively) and our Milky Way (MW) in light of recent high-precision proper motions from the Hubble Space Telescope. Given the updated velocities, cosmological simulations of hierarchical structure formation favour a scenario where the Magellanic Clouds (MCs) are currently on their first infall towards our Galaxy. We illustrate here that the observed irregular morphology and internal kinematics of the Magellanic System (in gas and stars) are naturally explained by interactions between the LMC and SMC, rather than gravitational interactions with the MW. These conclusions provide further support that the MCs are completing their first infall to our system. In particular, we demonstrate that the Magellanic Stream, a band of H i gas trailing behind the Clouds 150Â° across the sky, can be accounted for by the action of LMC tides on the SMC before the system was accreted by the MW. We further demonstrate that the off-centre, warped stellar bar of the LMC, and its one-armed spiral can be naturally explained by a recent direct collision with its lower mass companion, the SMC. Such structures are key morphological characteristics of a class of galaxies referred to as Magellanic Irregulars, the majority of which are not associated with massive spiral galaxies. We infer that dwarf?dwarf galaxy interactions are important drivers for the morphological evolution of Magellanic Irregulars and can dramatically affect the efficiency of baryon removal from dwarf galaxies via the formation of extended tidal bridges and tails. Such interactions are not only important for the evolution of dwarf galaxies but also have direct consequences for the build-up of baryons in our own MW, as LMC-mass systems are believed to be the dominant building blocks of MW-type haloes.},
  Adsnote                  = {Provided by the SAO/NASA Astrophysics Data System},
  Adsurl                   = {http://adsabs.harvard.edu/abs/2012MNRAS.421.2109B},
  Archiveprefix            = {arXiv},
  Doi                      = {10.1111/j.1365-2966.2012.20466.x},
  Eprint                   = {1201.1299},
  File                     = {2012MNRAS.421.2109B.pdf:2012MNRAS.421.2109B.pdf:PDF},
  Keywords                 = {galaxies: evolution, galaxies: interactions, galaxies: irregular, galaxies: kinematics and dynamics, Magellanic Clouds},
  Owner                    = {magda},
  Primaryclass             = {astro-ph.GA},
  Timestamp                = {2014.07.17}
}

@Article{2005ApJ...635..931B,
  Title                    = {{Tracing Galaxy Formation with Stellar Halos. I. Methods}},
  Author                   = {{Bullock}, J.~S. and {Johnston}, K.~V.},
  Journal                  = {\apj},
  Year                     = {2005},

  Month                    = dec,
  Pages                    = {931-949},
  Volume                   = {635},

  Adsnote                  = {Provided by the SAO/NASA Astrophysics Data System},
  Adsurl                   = {http://adsabs.harvard.edu/abs/2005ApJ...635..931B},
  Doi                      = {10.1086/497422},
  Eprint                   = {arXiv:astro-ph/0506467},
  File                     = {:0004-637X_635_2_931.pdf:PDF},
  Keywords                 = {Cosmology: Dark Matter, Galaxies: Dwarf, Galaxies: Evolution, Galaxies: Formation, Galaxies: Halos, Galaxies: Kinematics and Dynamics, Galaxy: Evolution, Galaxy: Formation, Galaxy: Halo, Galaxy: Kinematics and Dynamics, Galaxies: Local Group},
  Owner                    = {magda},
  Timestamp                = {2014.07.18}
}

@Article{2008MNRAS.390.1437C,
  Title                    = {{The kinematic footprints of five stellar streams in Andromeda's halo}},
  Author                   = {{Chapman}, S.~C. and {Ibata}, R. and {Irwin}, M. and {Koch}, A. and {Letarte}, B. and {Martin}, N. and {Collins}, M. and {Lewis}, G.~F. and {McConnachie}, A. and {Pe{\~n}arrubia}, J. and {Rich}, R.~M. and {Trethewey}, D. and {Ferguson}, A. and {Huxor}, A. and {Tanvir}, N.},
  Journal                  = {\mnras},
  Year                     = {2008},

  Month                    = nov,
  Pages                    = {1437-1452},
  Volume                   = {390},

  Adsnote                  = {Provided by the SAO/NASA Astrophysics Data System},
  Adsurl                   = {http://adsabs.harvard.edu/abs/2008MNRAS.390.1437C},
  Archiveprefix            = {arXiv},
  Doi                      = {10.1111/j.1365-2966.2008.13703.x},
  Eprint                   = {0808.0755},
  Keywords                 = {stars: kinematics , galaxies: haloes , galaxies: individual: M31}
}

@Article{2013MNRAS.430...37C,
  Title                    = {{Dynamics in the satellite system of Triangulum: is And XXII a dwarf satellite of M33?}},
  Author                   = {{Chapman}, S.~C. and {Widrow}, L. and {Collins}, M.~L.~M. and {Dubinski}, J. and {Ibata}, R.~A. and {Rich}, M. and {Ferguson}, A.~M.~N. and {Irwin}, M.~J. and {Lewis}, G.~F. and {Martin}, N. and {McConnachie}, A. and {Pe{\~n}arrubia}, J. and {Tanvir}, N.},
  Journal                  = {\mnras},
  Year                     = {2013},

  Month                    = mar,
  Pages                    = {37-49},
  Volume                   = {430},

  Adsnote                  = {Provided by the SAO/NASA Astrophysics Data System},
  Adsurl                   = {http://adsabs.harvard.edu/abs/2013MNRAS.430...37C},
  Archiveprefix            = {arXiv},
  Doi                      = {10.1093/mnras/sts392},
  Eprint                   = {1206.5730},
  File                     = {2013MNRAS.430...37C.pdf:2013MNRAS.430...37C.pdf:PDF},
  Keywords                 = {instrumentation: spectrographs, galaxies: dwarf, galaxies: individual: M31, galaxies: individual: M33},
  Owner                    = {magda},
  Primaryclass             = {astro-ph.GA},
  Timestamp                = {2014.07.17}
}

@Article{1995ApJS..101..309C,
  Title                    = {{Genetic Algorithms in Astronomy and Astrophysics}},
  Author                   = {{Charbonneau}, P.},
  Journal                  = {\apjs},
  Year                     = {1995},

  Month                    = dec,
  Pages                    = {309},
  Volume                   = {101},

  Adsnote                  = {Provided by the SAO/NASA Astrophysics Data System},
  Adsurl                   = {http://adsabs.harvard.edu/abs/1995ApJS..101..309C},
  Doi                      = {10.1086/192242},
  File                     = {1995ApJS..101..309C.pdf:1995ApJS..101..309C.pdf:PDF},
  Keywords                 = {GALAXIES: KINEMATICS AND DYNAMICS, METHODS: NUMERICAL, STARS: MASS LOSS, STARS: OSCILLATIONS},
  Owner                    = {magda},
  Timestamp                = {2014.07.16}
}

@Article{2004AJ....127..832C,
  Title                    = {{Shell Structure in the Fornax Dwarf Spheroidal Galaxy}},
  Author                   = {{Coleman}, M. and {Da Costa}, G.~S. and {Bland-Hawthorn}, J. and {Mart{\'{\i}}nez-Delgado}, D. and {Freeman}, K.~C. and {Malin}, D.},
  Journal                  = {\aj},
  Year                     = {2004},

  Month                    = feb,
  Pages                    = {832-839},
  Volume                   = {127},

  Abstract                 = {We present initial results from a wide-field photometric survey of the Fornax dwarf spheroidal (dSph) galaxy. The focus here is on a small overdensity of stars located approximately 17' (670 pc in projection) from the center of Fornax. Based on imaging data in both V and I bands down to V~21, the dimensions of the feature are ~1.7â§Ã3.2â§ (68Ã128 pc) with an average surface brightness of 25.8 mag arcsec-2 in V. A follow-up analysis using the deep B- and R-band data obtained by Stetson, Hesser, & Smecker-Hane indicates that the overdensity is apparently dominated by a relatively young stellar population with an age of ~2 Gyr, though the current data do not rule out the presence of older stars. Our preferred interpretation is that the overdensity represents shell structure in the Fornax dSph galaxy, a phenomenon previously unseen in dwarf galaxies. The shell may be the remnant of a merger with Fornax of a smaller, gas-rich system that occurred approximately 2 Gyr ago. The comparatively recent star formation seen in some dSph and dE galaxies may then also be the result of infall of small relatively gas-rich systems.},
  Adsnote                  = {Provided by the SAO/NASA Astrophysics Data System},
  Adsurl                   = {http://adsabs.harvard.edu/abs/2004AJ....127..832C},
  Doi                      = {10.1086/381298},
  Eprint                   = {astro-ph/0311241},
  Keywords                 = {Galaxies: Dwarf, Galaxies: Individual: Name: Fornax, Galaxies: Interactions, Galaxies: Photometry, Galaxies: Stellar Content, Galaxy: Halo, Galaxies: Local Group}
}

@Article{2013ApJ...768..172C,
  Title                    = {{A Kinematic Study of the Andromeda Dwarf Spheroidal System}},
  Author                   = {{Collins}, M.~L.~M. and {Chapman}, S.~C. and {Rich}, R.~M. and {Ibata}, R.~A. and {Martin}, N.~F. and {Irwin}, M.~J. and {Bate}, N.~F. and {Lewis}, G.~F. and {Pe{\~n}arrubia}, J. and {Arimoto}, N. and {Casey}, C.~M. and {Ferguson}, A.~M.~N. and {Koch}, A. and {McConnachie}, A.~W. and {Tanvir}, N.},
  Journal                  = {\apj},
  Year                     = {2013},

  Month                    = may,
  Pages                    = {172},
  Volume                   = {768},

  Adsnote                  = {Provided by the SAO/NASA Astrophysics Data System},
  Adsurl                   = {http://adsabs.harvard.edu/abs/2013ApJ...768..172C},
  Archiveprefix            = {arXiv},
  Doi                      = {10.1088/0004-637X/768/2/172},
  Eid                      = {172},
  Eprint                   = {1302.6590},
  File                     = {2013ApJ...768..172C.pdf:2013ApJ...768..172C.pdf:PDF},
  Keywords                 = {dark matter, galaxies: dwarf, galaxies: fundamental parameters, galaxies: kinematics and dynamics, Local Group},
  Owner                    = {magda},
  Primaryclass             = {astro-ph.CO},
  Timestamp                = {2014.07.16}
}

@Article{2012ApJ...758...11C,
  Title                    = {{A Bayesian Approach to Locating the Red Giant Branch Tip Magnitude. II. Distances to the Satellites of M31}},
  Author                   = {{Conn}, A.~R. and {Ibata}, R.~A. and {Lewis}, G.~F. and {Parker}, Q.~A. and {Zucker}, D.~B. and {Martin}, N.~F. and {McConnachie}, A.~W. and {Irwin}, M.~J. and {Tanvir}, N. and {Fardal}, M.~A. and {Ferguson}, A.~M.~N. and {Chapman}, S.~C. and {Valls-Gabaud}, D.},
  Journal                  = {\apj},
  Year                     = {2012},

  Month                    = oct,
  Pages                    = {11},
  Volume                   = {758},

  Adsnote                  = {Provided by the SAO/NASA Astrophysics Data System},
  Adsurl                   = {http://adsabs.harvard.edu/abs/2012ApJ...758...11C},
  Archiveprefix            = {arXiv},
  Doi                      = {10.1088/0004-637X/758/1/11},
  Eid                      = {11},
  Eprint                   = {1209.4952},
  File                     = {2012ApJ...758...11C.pdf:2012ApJ...758...11C.pdf:PDF},
  Keywords                 = {galaxies: general, galaxies: stellar content, Local Group},
  Owner                    = {magda},
  Primaryclass             = {astro-ph.CO},
  Timestamp                = {2014.01.19}
}

@Article{2013ApJ...766..120C,
  Title                    = {{The Three-dimensional Structure of the M31 Satellite System; Strong Evidence for an Inhomogeneous Distribution of Satellites}},
  Author                   = {{Conn}, A.~R. and {Lewis}, G.~F. and {Ibata}, R.~A. and {Parker}, Q.~A. and {Zucker}, D.~B. and {McConnachie}, A.~W. and {Martin}, N.~F. and {Valls-Gabaud}, D. and {Tanvir}, N. and {Irwin}, M.~J. and {Ferguson}, A.~M.~N. and {Chapman}, S.~C.},
  Journal                  = {\apj},
  Year                     = {2013},

  Month                    = apr,
  Pages                    = {120},
  Volume                   = {766},

  Adsnote                  = {Provided by the SAO/NASA Astrophysics Data System},
  Adsurl                   = {http://adsabs.harvard.edu/abs/2013ApJ...766..120C},
  Archiveprefix            = {arXiv},
  Doi                      = {10.1088/0004-637X/766/2/120},
  Eid                      = {120},
  Eprint                   = {1301.7131},
  Keywords                 = {galaxies: dwarf, galaxies: halos, galaxies: individual: M31, galaxies: structure },
  Owner                    = {magda},
  Primaryclass             = {astro-ph.CO},
  Timestamp                = {2014.09.11}
}

@Article{2006MNRAS.371..108C,
  Title                    = {{N-body simulations of the Magellanic stream}},
  Author                   = {{Connors}, T.~W. and {Kawata}, D. and {Gibson}, B.~K.},
  Journal                  = {\mnras},
  Year                     = {2006},

  Month                    = sep,
  Pages                    = {108-120},
  Volume                   = {371},

  Adsnote                  = {Provided by the SAO/NASA Astrophysics Data System},
  Adsurl                   = {http://adsabs.harvard.edu/abs/2006MNRAS.371..108C},
  Doi                      = {10.1111/j.1365-2966.2006.10659.x},
  Eprint                   = {arXiv:astro-ph/0508390},
  File                     = {:j.1365-2966.2006.10659.x.pdf:PDF},
  Keywords                 = {methods: N-body simulations , galaxies: interactions , Magellanic Clouds},
  Owner                    = {magda},
  Timestamp                = {2014.02.03}
}

@InProceedings{2009IAUS..256..473D,
  Title                    = {{The Magellanic Group and the Seven Dwarfs}},
  Author                   = {{D'Onghia}, E. and {Lake}, G.},
  Booktitle                = {IAU Symposium},
  Year                     = {2009},
  Editor                   = {{Van Loon}, J.~T. and {Oliveira}, J.~M.},
  Month                    = mar,
  Pages                    = {473-478},
  Series                   = {IAU Symposium},
  Volume                   = {256},

  Adsnote                  = {Provided by the SAO/NASA Astrophysics Data System},
  Adsurl                   = {http://adsabs.harvard.edu/abs/2009IAUS..256..473D},
  Archiveprefix            = {arXiv},
  Doi                      = {10.1017/S1743921308028883},
  Eprint                   = {0809.3787},
  File                     = {2009IAUS..256..473D.pdf:2009IAUS..256..473D.pdf:PDF},
  Keywords                 = {Galaxy: halo, galaxies: clusters: general, galaxies: formation, galaxies: halos, Magellanic Clouds, cosmology: observations, dark matter},
  Owner                    = {magda},
  Timestamp                = {2014.07.17}
}

@Article{2008ApJ...686L..61D,
  Title                    = {{Small Dwarf Galaxies within Larger Dwarfs: Why Some Are Luminous while Most Go Dark}},
  Author                   = {{D'Onghia}, E. and {Lake}, G.},
  Journal                  = {\apjl},
  Year                     = {2008},

  Month                    = oct,
  Pages                    = {L61-L65},
  Volume                   = {686},

  Adsnote                  = {Provided by the SAO/NASA Astrophysics Data System},
  Adsurl                   = {http://adsabs.harvard.edu/abs/2008ApJ...686L..61D},
  Archiveprefix            = {arXiv},
  Doi                      = {10.1086/592995},
  Eprint                   = {0802.0001},
  File                     = {2008ApJ...686L..61D.pdf:2008ApJ...686L..61D.pdf:PDF},
  Keywords                 = {Cosmology: Observations, Cosmology: Dark Matter, Galaxies: Clusters: General, Galaxies: Formation},
  Owner                    = {magda},
  Timestamp                = {2014.07.17}
}

@Article{2005AJ....130.2087D,
  Title                    = {{The Evolved Stellar Content of NGC 147, NGC 185, and NGC 205}},
  Author                   = {{Davidge}, T.~J.},
  Journal                  = {\aj},
  Year                     = {2005},

  Month                    = nov,
  Pages                    = {2087-2103},
  Volume                   = {130},

  Adsnote                  = {Provided by the SAO/NASA Astrophysics Data System},
  Adsurl                   = {http://adsabs.harvard.edu/abs/2005AJ....130.2087D},
  Doi                      = {10.1086/491706},
  Eprint                   = {astro-ph/0509612},
  File                     = {2005AJ....130.2087D.pdf:2005AJ....130.2087D.pdf:PDF},
  Keywords                 = {Galaxies: Evolution, Galaxies: Individual: NGC Number: NGC 147, Galaxies: Individual: NGC Number: NGC 185, Galaxies: Individual: NGC Number: NGC 205, Galaxies: Stellar Content, Stars: AGB and Post-AGB, Stars: Carbon},
  Owner                    = {magda},
  Timestamp                = {2014.07.17}
}

@Article{2010ApJ...710.1664D,
  Title                    = {{The Enigmatic Pair of Dwarf Galaxies Leo IV and Leo V: Coincidence or Common Origin?}},
  Author                   = {{de Jong}, J.~T.~A. and {Martin}, N.~F. and {Rix}, H.-W. and {Smith}, K.~W. and {Jin}, S. and {Macci{\`o}}, A.~V.},
  Journal                  = {\apj},
  Year                     = {2010},

  Month                    = feb,
  Pages                    = {1664-1671},
  Volume                   = {710},

  Abstract                 = {We have obtained deep photometry in two 1Â° Ã 1Â° fields covering the close pair of dwarf spheroidal galaxies Leo IV and Leo V and part of the area in between. From the distribution of likely red giant branch (RGB) and horizontal-branch (HB) stars in the data set, we find that both Leo IV and Leo V are significantly larger than indicated by previous measurements based on shallower data. With a half-light radius of rh = 4farcm6 Â± 0farcm8 (206 Â± 36 pc) and rh = 2farcm6 Â± 0farcm6 (133 Â± 31 pc), respectively, both systems are now well within the physical size bracket of typical dwarf spheroidal Milky Way satellites. Both are also found to be significantly elongated with an ellipticity of epsilon ~= 0.5, a characteristic shared by many of the fainter (MV > - 8) Milky Way dwarf spheroidals. The large spatial extent of our survey allows us to search for extra-tidal features in the area between the two dwarf galaxies with unprecedented sensitivity. The spatial distribution of candidate RGB and HB stars in this region is found to be non-uniform at the ~3? level. Interestingly, this substructure is aligned along the direction connecting the two systems, indicative of a possible "bridge" of extra-tidal material. Fitting the stellar distribution with a linear Gaussian model yields a significance of 4? for this overdensity, a most likely FWHM of ~16 arcmin, and a central surface brightness of sime32 mag arcsec-2. We investigate different scenarios to explain the close proximity of Leo IV and Leo V, and the possible tidal bridge between them. Orbit calculations demonstrate that the two systems cannot share the exact same orbit, while a compromise orbit does not approach the Galactic center more than ~160 kpc, rendering it unlikely that they are remnants of a single disrupted progenitor. A comparison with cosmological simulations shows that a chance collision between unrelated subhalos is negligibly small. Given their relative distance and velocity, Leo IV and Leo V could be a bound "tumbling pair," if their combined mass exceeds (8 Â± 4) Ã 109 M sun. The scenario of an internally interacting pair that fell into the Milky Way together appears to be the most viable explanation for this close celestial companionship.},
  Adsnote                  = {Provided by the SAO/NASA Astrophysics Data System},
  Adsurl                   = {http://adsabs.harvard.edu/abs/2010ApJ...710.1664D},
  Archiveprefix            = {arXiv},
  Doi                      = {10.1088/0004-637X/710/2/1664},
  Eprint                   = {0912.3251},
  Keywords                 = {galaxies: individual: Leo IV dSph Leo V dSph, Local Group},
  Primaryclass             = {astro-ph.CO}
}

@Article{2012ApJ...750...36D,
  Title                    = {{The Tidal Origin of the Magellanic Stream and the Possibility of a Stellar Counterpart}},
  Author                   = {{Diaz}, J.~D. and {Bekki}, K.},
  Journal                  = {\apj},
  Year                     = {2012},

  Month                    = may,
  Pages                    = {36},
  Volume                   = {750},

  Adsnote                  = {Provided by the SAO/NASA Astrophysics Data System},
  Adsurl                   = {http://adsabs.harvard.edu/abs/2012ApJ...750...36D},
  Archiveprefix            = {arXiv},
  Doi                      = {10.1088/0004-637X/750/1/36},
  Eid                      = {36},
  Eprint                   = {1112.6191},
  File                     = {2012ApJ...750...36D.pdf:2012ApJ...750...36D.pdf:PDF},
  Keywords                 = {galaxies: evolution, galaxies: kinematics and dynamics, Galaxy: halo, Magellanic Clouds },
  Owner                    = {magda},
  Primaryclass             = {astro-ph.GA},
  Timestamp                = {2014.07.17}
}

@Article{2013MNRAS.431L..73F,
  Title                    = {{Galaxy pairs in the Local Group}},
  Author                   = {{Fattahi}, A. and {Navarro}, J.~F. and {Starkenburg}, E. and {Barber}, C.~R. and {McConnachie}, A.~W.},
  Journal                  = {\mnras},
  Year                     = {2013},

  Month                    = apr,
  Pages                    = {L73-L77},
  Volume                   = {431},

  Adsnote                  = {Provided by the SAO/NASA Astrophysics Data System},
  Adsurl                   = {http://adsabs.harvard.edu/abs/2013MNRAS.431L..73F},
  Archiveprefix            = {arXiv},
  Doi                      = {10.1093/mnrasl/slt011},
  Eprint                   = {1211.3161},
  File                     = {2013MNRAS.431L..73F.pdf:2013MNRAS.431L..73F.pdf:PDF},
  Keywords                 = {galaxies: dwarf, galaxies: formation, Local Group, dark matter},
  Owner                    = {magda},
  Primaryclass             = {astro-ph.CO},
  Timestamp                = {2014.07.16}
}

@Article{1994MNRAS.266..567G,
  Title                    = {{Numerical Simulations of the Magellanic System - Part One - Orbits of the Magellanic Clouds and the Global Gas Distribution}},
  Author                   = {{Gardiner}, L.~T. and {Sawa}, T. and {Fujimoto}, M.},
  Journal                  = {\mnras},
  Year                     = {1994},

  Month                    = feb,
  Pages                    = {567},
  Volume                   = {266},

  Adsnote                  = {Provided by the SAO/NASA Astrophysics Data System},
  Adsurl                   = {http://adsabs.harvard.edu/abs/1994MNRAS.266..567G},
  File                     = {1994MNRAS.266..567G.pdf:1994MNRAS.266..567G.pdf:PDF},
  Owner                    = {magda},
  Timestamp                = {2014.07.17}
}

@Article{2006MNRAS.366..996G,
  Title                    = {{Investigating the Andromeda stream - I. Simple analytic bulge-disc-halo model for M31}},
  Author                   = {{Geehan}, J.~J. and {Fardal}, M.~A. and {Babul}, A. and {Guhathakurta}, P.},
  Journal                  = {\mnras},
  Year                     = {2006},

  Month                    = mar,
  Pages                    = {996-1011},
  Volume                   = {366},

  Adsnote                  = {Provided by the SAO/NASA Astrophysics Data System},
  Adsurl                   = {http://adsabs.harvard.edu/abs/2006MNRAS.366..996G},
  Doi                      = {10.1111/j.1365-2966.2005.09863.x},
  Eprint                   = {astro-ph/0501240},
  File                     = {2006MNRAS.366..996G.pdf:2006MNRAS.366..996G.pdf:PDF},
  Keywords                 = {galaxies: individual: M31, galaxies: kinematics and dynamics},
  Owner                    = {magda},
  Timestamp                = {2014.01.19}
}

@Article{2010ApJ...711..361G,
  Title                    = {{Local Group Dwarf Elliptical Galaxies. II. Stellar Kinematics to Large Radii in NGC 147 and NGC 185}},
  Author                   = {{Geha}, M. and {van der Marel}, R.~P. and {Guhathakurta}, P. and {Gilbert}, K.~M. and {Kalirai}, J. and {Kirby}, E.~N.},
  Journal                  = {\apj},
  Year                     = {2010},

  Month                    = mar,
  Pages                    = {361-373},
  Volume                   = {711},

  Adsnote                  = {Provided by the SAO/NASA Astrophysics Data System},
  Adsurl                   = {http://adsabs.harvard.edu/abs/2010ApJ...711..361G},
  Archiveprefix            = {arXiv},
  Doi                      = {10.1088/0004-637X/711/1/361},
  Eprint                   = {0911.3654},
  File                     = {2010ApJ...711..361G.pdf:2010ApJ...711..361G.pdf:PDF},
  Keywords                 = {galaxies: dwarf, galaxies: individual: NGC 147 NGC 185, galaxies: kinematics and dynamics},
  Owner                    = {magda},
  Primaryclass             = {astro-ph.CO},
  Timestamp                = {2014.07.16}
}

@Book{Goldberg:1989:GAS:534133,
  Title                    = {Genetic Algorithms in Search, Optimization and Machine Learning},
  Author                   = {Goldberg, David E.},
  Publisher                = {Addison-Wesley Longman Publishing Co., Inc.},
  Year                     = {1989},

  Address                  = {Boston, MA, USA},
  Edition                  = {1st},

  ISBN                     = {0201157675},
  Owner                    = {magda},
  Timestamp                = {2014.06.11}
}

@Article{2014GUGLIELMO,
  Title                    = {{A genetic approach to the history of the Magellanic Clouds}},
  Author                   = {{Guglielmo}, M. and {Lewis}, G.~F. and {Bland-Hawthorn}, J.},
  Journal                  = {\mnras},
  Year                     = {2014},

  Month                    = oct,
  Pages                    = {1759-1774},
  Volume                   = {444},

  Adsnote                  = {Provided by the SAO/NASA Astrophysics Data System},
  Adsurl                   = {http://adsabs.harvard.edu/abs/2014MNRAS.444.1759G},
  Archiveprefix            = {arXiv},
  Doi                      = {10.1093/mnras/stu1549},
  Eprint                   = {1407.8298},
  Keywords                 = {Galaxy: halo, galaxies: interactions, Magellanic Clouds}
}

@Article{2014MNRAS.444.1759G,
  Title                    = {{A genetic approach to the history of the Magellanic Clouds}},
  Author                   = {{Guglielmo}, M. and {Lewis}, G.~F. and {Bland-Hawthorn}, J.},
  Journal                  = {\mnras},
  Year                     = {2014},

  Month                    = oct,
  Pages                    = {1759-1774},
  Volume                   = {444},

  Adsnote                  = {Provided by the SAO/NASA Astrophysics Data System},
  Adsurl                   = {http://adsabs.harvard.edu/abs/2014MNRAS.444.1759G},
  Archiveprefix            = {arXiv},
  Doi                      = {10.1093/mnras/stu1549},
  Eprint                   = {1407.8298},
  Keywords                 = {Galaxy: halo, galaxies: interactions, Magellanic Clouds}
}

@Article{1997AJ....113.1001H,
  Title                    = {{Stellar Populations in the Dwarf Elliptical Galaxy NGC 147}},
  Author                   = {{Han}, M. and {Hoessel}, J.~G. and {Gallagher}, III, J.~S. and {Holtsman}, J. and {Stetson}, P.~B. and {Trauger}, J. and {Ballester}, G.~E. and {Burrows}, C. and {Clarke}, J. and {Crisp}, D. and {Griffiths}, R. and {Grillmair}, C. and {Hester}, J. and {Krist}, J. and {Mould}, J.~R. and {Scowen}, P. and {Stapelfeldt}, K. and {Watson}, A. and {Westphal}, J.~A.},
  Journal                  = {\aj},
  Year                     = {1997},

  Month                    = mar,
  Pages                    = {1001},
  Volume                   = {113},

  Adsnote                  = {Provided by the SAO/NASA Astrophysics Data System},
  Adsurl                   = {http://adsabs.harvard.edu/abs/1997AJ....113.1001H},
  Doi                      = {10.1086/118316},
  File                     = {1997AJ....113.1001H.pdf:1997AJ....113.1001H.pdf:PDF},
  Owner                    = {magda},
  Timestamp                = {2014.07.17}
}

@Article{1990ApJ...356..359H,
  Title                    = {{An analytical model for spherical galaxies and bulges}},
  Author                   = {{Hernquist}, L.},
  Journal                  = {\apj},
  Year                     = {1990},

  Month                    = jun,
  Pages                    = {359-364},
  Volume                   = {356},

  Adsnote                  = {Provided by the SAO/NASA Astrophysics Data System},
  Adsurl                   = {http://adsabs.harvard.edu/abs/1990ApJ...356..359H},
  Doi                      = {10.1086/168845},
  File                     = {1990ApJ...356..359H.pdf:1990ApJ...356..359H.pdf:PDF},
  Keywords                 = {Computational Astrophysics, Elliptical Galaxies, Galactic Bulge, Galactic Structure, Astronomical Models, Astronomical Photometry, Brightness Distribution, Distribution Functions},
  Owner                    = {magda},
  Timestamp                = {2014.01.19}
}

@Book{Holland:1975,
  Title                    = {Adaptation in Natural and Artificial Systems},
  Author                   = {J. H. Holland},
  Publisher                = {The University of Michigan Press},
  Year                     = {1975},

  Owner                    = {magda},
  Timestamp                = {2014.07.16}
}

@Article{2008ApJ...683..722H,
  Title                    = {{Darwin Tames an Andromeda Dwarf: Unraveling the Orbit of NGC 205 Using a Genetic Algorithm}},
  Author                   = {{Howley}, K.~M. and {Geha}, M. and {Guhathakurta}, P. and {Montgomery}, R.~M. and {Laughlin}, G. and {Johnston}, K.~V.},
  Journal                  = {\apj},
  Year                     = {2008},

  Month                    = aug,
  Pages                    = {722-749},
  Volume                   = {683},

  Adsnote                  = {Provided by the SAO/NASA Astrophysics Data System},
  Adsurl                   = {http://adsabs.harvard.edu/abs/2008ApJ...683..722H},
  Archiveprefix            = {arXiv},
  Doi                      = {10.1086/589632},
  Eprint                   = {0804.0798},
  Keywords                 = {Galaxies: Dwarf, galaxies: individual (NGC 205), Galaxies: Interactions, Galaxies: Kinematics and Dynamics, Methods: n-Body Simulations, Methods: Numerical}
}

@Article{1994Natur.370..194I,
  Title                    = {{A dwarf satellite galaxy in Sagittarius}},
  Author                   = {{Ibata}, R.~A. and {Gilmore}, G. and {Irwin}, M.~J.},
  Journal                  = {\nat},
  Year                     = {1994},

  Month                    = jul,
  Pages                    = {194-196},
  Volume                   = {370},

  Adsnote                  = {Provided by the SAO/NASA Astrophysics Data System},
  Adsurl                   = {http://adsabs.harvard.edu/abs/1994Natur.370..194I},
  Doi                      = {10.1038/370194a0}
}

@Article{2013Natur.493...62I,
  Title                    = {{A vast, thin plane of corotating dwarf galaxies orbiting the Andromeda galaxy}},
  Author                   = {{Ibata}, R.~A. and {Lewis}, G.~F. and {Conn}, A.~R. and {Irwin}, M.~J. and {McConnachie}, A.~W. and {Chapman}, S.~C. and {Collins}, M.~L. and {Fardal}, M. and {Ferguson}, A.~M.~N. and {Ibata}, N.~G. and {Mackey}, A.~D. and {Martin}, N.~F. and {Navarro}, J. and {Rich}, R.~M. and {Valls-Gabaud}, D. and {Widrow}, L.~M.},
  Journal                  = {\nat},
  Year                     = {2013},

  Month                    = jan,
  Pages                    = {62-65},
  Volume                   = {493},

  Adsnote                  = {Provided by the SAO/NASA Astrophysics Data System},
  Adsurl                   = {http://adsabs.harvard.edu/abs/2013Natur.493...62I},
  Archiveprefix            = {arXiv},
  Doi                      = {10.1038/nature11717},
  Eprint                   = {1301.0446},
  Owner                    = {magda},
  Primaryclass             = {astro-ph.CO},
  Timestamp                = {2014.09.04}
}

@Article{2001Natur.412...49I,
  Title                    = {{A giant stream of metal-rich stars in the halo of the galaxy M31}},
  Author                   = {{Ibata}, R. and {Irwin}, M. and {Lewis}, G. and {Ferguson}, A.~M.~N. and {Tanvir}, N.},
  Journal                  = {\nat},
  Year                     = {2001},

  Month                    = jul,
  Pages                    = {49-52},
  Volume                   = {412},

  Adsnote                  = {Provided by the SAO/NASA Astrophysics Data System},
  Adsurl                   = {http://adsabs.harvard.edu/abs/2001Natur.412...49I},
  Eprint                   = {astro-ph/0107090}
}

@Article{2001ApJ...547L.133I,
  Title                    = {{Galactic Halo Substructure in the Sloan Digital Sky Survey: The Ancient Tidal Stream from the Sagittarius Dwarf Galaxy}},
  Author                   = {{Ibata}, R. and {Irwin}, M. and {Lewis}, G.~F. and {Stolte}, A. },
  Journal                  = {\apjl},
  Year                     = {2001},

  Month                    = feb,
  Pages                    = {L133-L136},
  Volume                   = {547},

  Adsnote                  = {Provided by the SAO/NASA Astrophysics Data System},
  Adsurl                   = {http://adsabs.harvard.edu/abs/2001ApJ...547L.133I},
  Doi                      = {10.1086/318894},
  Eprint                   = {astro-ph/0004255},
  Keywords                 = {Galaxies: Halos, Galaxies: Individual: Name: Sagittarius, Galaxies: Kinematics and Dynamics, Galaxy: Halo, Galaxy: Structure, Galaxies: Local Group}
}

@Article{Ibata2007,
  Title                    = {{The Haunted Halos of Andromeda and Triangulum: A Panorama of Galaxy Formation in Action}},
  Author                   = {{Ibata}, R. and {Martin}, N.~F. and {Irwin}, M. and {Chapman}, S. and {Ferguson}, A.~M.~N. and {Lewis}, G.~F. and {McConnachie}, A.~W. },
  Journal                  = {\apj},
  Year                     = {2007},

  Month                    = dec,
  Pages                    = {1591-1623},
  Volume                   = {671},

  Adsnote                  = {Provided by the SAO/NASA Astrophysics Data System},
  Adsurl                   = {http://adsabs.harvard.edu/abs/2007ApJ...671.1591I},
  Archiveprefix            = {arXiv},
  Doi                      = {10.1086/522574},
  Eprint                   = {0704.1318},
  File                     = {2007ApJ...671.1591I.pdf:2007ApJ...671.1591I.pdf:PDF},
  Keywords                 = {Galaxies: Evolution, Galaxies: Individual: Messier Number: M31, Galaxies: Individual: Messier Number: M33, Galaxies: Structure, Galaxies: Local Group}
}

@Article{1999ApJ...522...82K,
  Title                    = {{Where Are the Missing Galactic Satellites?}},
  Author                   = {{Klypin}, A. and {Kravtsov}, A.~V. and {Valenzuela}, O. and {Prada}, F.},
  Journal                  = {\apj},
  Year                     = {1999},

  Month                    = sep,
  Pages                    = {82-92},
  Volume                   = {522},

  Adsnote                  = {Provided by the SAO/NASA Astrophysics Data System},
  Adsurl                   = {http://adsabs.harvard.edu/abs/1999ApJ...522...82K},
  Doi                      = {10.1086/307643},
  Eprint                   = {astro-ph/9901240},
  Keywords                 = {COSMOLOGY: THEORY, GALAXIES: CLUSTERS: GENERAL, GALAXIES: INTERACTIONS, GALAXY: FORMATION, GALAXIES: LOCAL GROUP, METHODS: NUMERICAL, Cosmology: Theory, Galaxies: Clusters: General, Galaxies: Interactions, Galaxy: Formation, Galaxies: Local Group, Methods: Numerical},
  Owner                    = {magda},
  Timestamp                = {2014.07.18}
}

@Article{2009MNRAS.400.1472L,
  Title                    = {{A Keck/DEIMOS spectroscopic survey of the faint M31 satellites AndXV and AndXVI}},
  Author                   = {{Letarte}, B. and {Chapman}, S.~C. and {Collins}, M. and {Ibata}, R.~A. and {Irwin}, M.~J. and {Ferguson}, A.~M.~N. and {Lewis}, G.~F. and {Martin}, N. and {McConnachie}, A. and {Tanvir}, N.},
  Journal                  = {\mnras},
  Year                     = {2009},

  Month                    = dec,
  Pages                    = {1472-1478},
  Volume                   = {400},

  Adsnote                  = {Provided by the SAO/NASA Astrophysics Data System},
  Adsurl                   = {http://adsabs.harvard.edu/abs/2009MNRAS.400.1472L},
  Archiveprefix            = {arXiv},
  Doi                      = {10.1111/j.1365-2966.2009.15546.x},
  Eprint                   = {0901.0820},
  File                     = {2009MNRAS.400.1472L.pdf:2009MNRAS.400.1472L.pdf:PDF},
  Keywords                 = {galaxies: dwarf , galaxies: individual: AndXV , galaxies: individual: AndXVI , Local Group , galaxies: stellar content},
  Primaryclass             = {astro-ph.SR}
}

@Article{2008MNRAS.385.1365L,
  Title                    = {{Infall of substructures on to a Milky Way-like dark halo}},
  Author                   = {{Li}, Y.-S. and {Helmi}, A.},
  Journal                  = {\mnras},
  Year                     = {2008},

  Month                    = apr,
  Pages                    = {1365-1373},
  Volume                   = {385},

  Adsnote                  = {Provided by the SAO/NASA Astrophysics Data System},
  Adsurl                   = {http://adsabs.harvard.edu/abs/2008MNRAS.385.1365L},
  Archiveprefix            = {arXiv},
  Doi                      = {10.1111/j.1365-2966.2008.12854.x},
  Eprint                   = {0711.2429},
  File                     = {2008MNRAS.385.1365L.pdf:2008MNRAS.385.1365L.pdf:PDF},
  Keywords                 = {methods: numerical , Galaxy: formation , galaxies: dwarf , galaxies: kinematics and dynamics , dark matter},
  Owner                    = {magda},
  Timestamp                = {2014.07.17}
}

@Article{1976MNRAS.174..695L,
  Title                    = {{Dwarf galaxies and globular clusters in high velocity hydrogen streams}},
  Author                   = {{Lynden-Bell}, D.},
  Journal                  = {\mnras},
  Year                     = {1976},

  Month                    = mar,
  Pages                    = {695-710},
  Volume                   = {174},

  Adsnote                  = {Provided by the SAO/NASA Astrophysics Data System},
  Adsurl                   = {http://adsabs.harvard.edu/abs/1976MNRAS.174..695L},
  File                     = {1976MNRAS.174..695L.pdf:1976MNRAS.174..695L.pdf:PDF},
  Keywords                 = {Galactic Nuclei, Galaxies, Globular Clusters, Hydrogen Clouds, Magellanic Clouds, Astronomical Maps, Gas Flow, Milky Way Galaxy, Radial Velocity, Stellar Evolution},
  Owner                    = {magda},
  Timestamp                = {2014.07.17}
}

@Article{1995MNRAS.275..429L,
  Title                    = {{Ghostly streams from the formation of the Galaxy's halo}},
  Author                   = {{Lynden-Bell}, D. and {Lynden-Bell}, R.~M.},
  Journal                  = {\mnras},
  Year                     = {1995},

  Month                    = jul,
  Pages                    = {429-442},
  Volume                   = {275},

  Adsnote                  = {Provided by the SAO/NASA Astrophysics Data System},
  Adsurl                   = {http://adsabs.harvard.edu/abs/1995MNRAS.275..429L},
  File                     = {1995MNRAS.275..429L.pdf:1995MNRAS.275..429L.pdf:PDF},
  Keywords                 = {GLOBULAR CLUSTERS: GENERAL, GALAXY: HALO, GALAXIES: KINEMATICS AND DYNAMICS, LOCAL GROUP, MAGELLANIC CLOUDS},
  Owner                    = {magda},
  Timestamp                = {2014.07.17}
}

@Article{1998AJ....115.1462M,
  Title                    = {{The Star Formation History of the Local Group Dwarf Elliptical Galaxy NGC 185. I. Stellar Content}},
  Author                   = {{Mart{\'{\i}}nez-Delgado}, D. and {Aparicio}, A.},
  Journal                  = {\aj},
  Year                     = {1998},

  Month                    = apr,
  Pages                    = {1462-1471},
  Volume                   = {115},

  Adsnote                  = {Provided by the SAO/NASA Astrophysics Data System},
  Adsurl                   = {http://adsabs.harvard.edu/abs/1998AJ....115.1462M},
  Doi                      = {10.1086/300305},
  Keywords                 = {GALAXIES: DWARF, GALAXIES: ELLIPTICAL AND LENTICULAR, GALAXIES: INDIVIDUAL: NGC 185, GALAXIES: STELLAR CONTENT, LOCAL GROUP}
}

@Article{2014arXiv1408.5130M,
  Title                    = {{Spectroscopy of the three distant Andromedan satellites Cassiopeia III, Lacerta I, and Perseus I}},
  Author                   = {{Martin}, N.~F. and {Chambers}, K.~C. and {Collins}, M.~L.~M. and {Ibata}, R.~A. and {Rich}, R.~M. and {Bell}, E.~F. and {Bernard}, E.~J. and {Ferguson}, A.~M.~N. and {Flewelling}, H. and {Kaiser}, N. and {Magnier}, E.~A. and {Tonry}, J.~L. and {Wainscoat}, R.~J.},
  Journal                  = {ArXiv e-prints},
  Year                     = {2014},

  Month                    = aug,

  Adsnote                  = {Provided by the SAO/NASA Astrophysics Data System},
  Adsurl                   = {http://adsabs.harvard.edu/abs/2014arXiv1408.5130M},
  Archiveprefix            = {arXiv},
  Eprint                   = {1408.5130},
  Keywords                 = {Astrophysics - Astrophysics of Galaxies}
}

@Article{2013ApJ...772...15M,
  Title                    = {{Lacerta I and Cassiopeia III. Two Luminous and Distant Andromeda Satellite Dwarf Galaxies Found in the 3{$\pi$} Pan-STARRS1 Survey}},
  Author                   = {{Martin}, N.~F. and {Slater}, C.~T. and {Schlafly}, E.~F. and {Morganson}, E. and {Rix}, H.-W. and {Bell}, E.~F. and {Laevens}, B.~P.~M. and {Bernard}, E.~J. and {Ferguson}, A.~M.~N. and {Finkbeiner}, D.~P. and {Burgett}, W.~S. and {Chambers}, K.~C. and {Hodapp}, K.~W. and {Kaiser}, N. and {Kudritzki}, R.-P. and {Magnier}, E.~A. and {Morgan}, J.~S. and {Price}, P.~A. and {Tonry}, J.~L. and {Wainscoat}, R.~J. },
  Journal                  = {\apj},
  Year                     = {2013},

  Month                    = jul,
  Pages                    = {15},
  Volume                   = {772},

  Adsnote                  = {Provided by the SAO/NASA Astrophysics Data System},
  Adsurl                   = {http://adsabs.harvard.edu/abs/2013ApJ...772...15M},
  Archiveprefix            = {arXiv},
  Doi                      = {10.1088/0004-637X/772/1/15},
  Eid                      = {15},
  Eprint                   = {1305.5301},
  Keywords                 = {galaxies: individual: Andromeda XXXI Andromeda XXXII Cassiopeia III Lacerta I, Local Group},
  Primaryclass             = {astro-ph.CO}
}

@Article{1998ARA&A..36..435M,
  Title                    = {{Dwarf Galaxies of the Local Group}},
  Author                   = {{Mateo}, M.~L.},
  Journal                  = {\araa},
  Year                     = {1998},
  Pages                    = {435-506},
  Volume                   = {36},

  Eprint                   = {astro-ph/9810070},
  File                     = {1998ARA&A..36..435M.pdf:1998ARA&A..36..435M.pdf:PDF}
}

@Article{2009Natur.461...66M,
  Title                    = {{The remnants of galaxy formation from a panoramic survey of the region around M31}},
  Author                   = {{McConnachie}, A.~W. et al.},
  Journal                  = {\nat},
  Year                     = {2009},

  Month                    = sep,
  Pages                    = {66-69},
  Volume                   = {461}
}

@Article{1975PASJ...27..533M,
  Title                    = {{Three-dimensional models for the distribution of mass in galaxies}},
  Author                   = {{Miyamoto}, M. and {Nagai}, R.},
  Journal                  = {\pasj},
  Year                     = {1975},
  Pages                    = {533-543},
  Volume                   = {27},

  Adsnote                  = {Provided by the SAO/NASA Astrophysics Data System},
  Adsurl                   = {http://adsabs.harvard.edu/abs/1975PASJ...27..533M},
  File                     = {1975PASJ...27..533M.pdf:1975PASJ...27..533M.pdf:PDF},
  Keywords                 = {Astronomical Models, Density Distribution, Galactic Structure, Mass Distribution, Potential Theory, Three Dimensional Models, Functions (Mathematics), Globular Clusters, Gravitational Effects, Mathematical Models, Milky Way Galaxy},
  Owner                    = {magda},
  Timestamp                = {2014.01.19}
}

@Article{1999ApJ...524L..19M,
  Title                    = {{Dark Matter Substructure within Galactic Halos}},
  Author                   = {{Moore}, B. and {Ghigna}, S. and {Governato}, F. and {Lake}, G. and {Quinn}, T. and {Stadel}, J. and {Tozzi}, P.},
  Journal                  = {\apjl},
  Year                     = {1999},

  Month                    = oct,
  Pages                    = {L19-L22},
  Volume                   = {524},

  Adsnote                  = {Provided by the SAO/NASA Astrophysics Data System},
  Adsurl                   = {http://adsabs.harvard.edu/abs/1999ApJ...524L..19M},
  Doi                      = {10.1086/312287},
  Eprint                   = {astro-ph/9907411},
  File                     = {1999ApJ...524L..19M.pdf:1999ApJ...524L..19M.pdf:PDF},
  Keywords                 = {COSMOLOGY: OBSERVATIONS, COSMOLOGY: THEORY, COSMOLOGY: DARK MATTER, GALAXIES: CLUSTERS: GENERAL, GALAXIES: FORMATION, Cosmology: Observations, Cosmology: Theory, Cosmology: Dark Matter, Galaxies: Clusters: General, Galaxies: Formation},
  Owner                    = {magda},
  Timestamp                = {2014.07.18}
}

@Article{1997ApJ...490..493N,
  Title                    = {{A Universal Density Profile from Hierarchical Clustering}},
  Author                   = {{Navarro}, J.~F. and {Frenk}, C.~S. and {White}, S.~D.~M.},
  Journal                  = {\apj},
  Year                     = {1997},

  Month                    = dec,
  Pages                    = {493},
  Volume                   = {490},

  Adsnote                  = {Provided by the SAO/NASA Astrophysics Data System},
  Adsurl                   = {http://adsabs.harvard.edu/abs/1997ApJ...490..493N},
  Doi                      = {10.1086/304888},
  Eprint                   = {arXiv:astro-ph/9611107},
  File                     = {:1997ApJ...490..493N.pdf:PDF},
  Keywords                 = {COSMOLOGY: THEORY, COSMOLOGY: DARK MATTER, GALAXIES: HALOS, METHODS: NUMERICAL},
  Owner                    = {magda},
  Timestamp                = {2014.01.19}
}

@Article{2011ApJ...742..110N,
  Title                    = {{Accretion of the Magellanic System onto the Galaxy}},
  Author                   = {{Nichols}, M. and {Colless}, J. and {Colless}, M. and {Bland-Hawthorn}, J. },
  Journal                  = {\apj},
  Year                     = {2011},

  Month                    = dec,
  Pages                    = {110},
  Volume                   = {742},

  Adsnote                  = {Provided by the SAO/NASA Astrophysics Data System},
  Adsurl                   = {http://adsabs.harvard.edu/abs/2011ApJ...742..110N},
  Archiveprefix            = {arXiv},
  Doi                      = {10.1088/0004-637X/742/2/110},
  Eid                      = {110},
  Eprint                   = {1110.2784},
  Keywords                 = {galaxies: dwarf, galaxies: individual: Carina Leo I, Local Group, Magellanic Clouds},
  Primaryclass             = {astro-ph.CO}
}

@Article{2012ApJ...748..149N,
  Title                    = {{Episodic Starbursts in Dwarf Spheroidal Galaxies: A Simple Model}},
  Author                   = {{Nichols}, M. and {Lin}, D. and {Bland-Hawthorn}, J.},
  Journal                  = {\apj},
  Year                     = {2012},

  Month                    = apr,
  Pages                    = {149},
  Volume                   = {748},

  Adsnote                  = {Provided by the SAO/NASA Astrophysics Data System},
  Adsurl                   = {http://adsabs.harvard.edu/abs/2012ApJ...748..149N},
  Archiveprefix            = {arXiv},
  Doi                      = {10.1088/0004-637X/748/2/149},
  Eid                      = {149},
  Eprint                   = {1109.4146},
  Keywords                 = {galaxies: dwarf, galaxies: evolution, galaxies: individual: Carina Fornax, methods: analytical},
  Primaryclass             = {astro-ph.CO}
}

@Article{2010ApJ...725..369R,
  Title                    = {{Rotation of the Milky Way and the Formation of the Magellanic Stream}},
  Author                   = {{Ruzicka}, A. and {Theis}, C. and {Palous}, J.},
  Journal                  = {\apj},
  Year                     = {2010},

  Month                    = dec,
  Pages                    = {369-387},
  Volume                   = {725},

  Adsnote                  = {Provided by the SAO/NASA Astrophysics Data System},
  Adsurl                   = {http://adsabs.harvard.edu/abs/2010ApJ...725..369R},
  Archiveprefix            = {arXiv},
  Doi                      = {10.1088/0004-637X/725/1/369},
  Eprint                   = {1010.0942},
  File                     = {:2010ApJ...725..369R.pdf:PDF},
  Keywords                 = {galaxies: evolution, galaxies: interactions, galaxies: kinematics and dynamics, Magellanic Clouds, methods: numerical},
  Owner                    = {magda},
  Primaryclass             = {astro-ph.CO},
  Timestamp                = {2012.10.25}
}

@Article{1990AJ.....99...97S,
  Title                    = {{RR Lyrae stars in local group galaxies. I - NGC 185}},
  Author                   = {{Saha}, A. and {Hoessel}, J.~G.},
  Journal                  = {\aj},
  Year                     = {1990},

  Month                    = jan,
  Pages                    = {97-148},
  Volume                   = {99},

  Adsnote                  = {Provided by the SAO/NASA Astrophysics Data System},
  Adsurl                   = {http://adsabs.harvard.edu/abs/1990AJ.....99...97S},
  Doi                      = {10.1086/115316},
  Keywords                 = {Astronomical Photometry, Charge Coupled Devices, Light Curve, Lyra Constellation, Planetary Nebulae, Dwarf Galaxies, Elliptical Galaxies, Galactic Nuclei, Globular Clusters, Metallic Stars, Milky Way Galaxy}
}

@Article{1990AJ....100..108S,
  Title                    = {{RR Lyrae stars in local group galaxies. II - NGC 147}},
  Author                   = {{Saha}, A. and {Hoessel}, J.~G. and {Mossman}, A.~E.},
  Journal                  = {\aj},
  Year                     = {1990},

  Month                    = jul,
  Pages                    = {108-126},
  Volume                   = {100},

  Adsnote                  = {Provided by the SAO/NASA Astrophysics Data System},
  Adsurl                   = {http://adsabs.harvard.edu/abs/1990AJ....100..108S},
  Doi                      = {10.1086/115495},
  Keywords                 = {Astronomical Photometry, Galaxies, Local Group (Astronomy), Variable Stars, Charge Coupled Devices, Light Curve, Metallicity, Stellar Magnitude}
}

@Article{2007MNRAS.379.1475S,
  Title                    = {{Cosmic m{\'e}nage {\`a} trois: the origin of satellite galaxies on extreme orbits}},
  Author                   = {{Sales}, L.~V. and {Navarro}, J.~F. and {Abadi}, M.~G. and {Steinmetz}, M.},
  Journal                  = {\mnras},
  Year                     = {2007},

  Month                    = aug,
  Pages                    = {1475-1483},
  Volume                   = {379},

  Adsnote                  = {Provided by the SAO/NASA Astrophysics Data System},
  Adsurl                   = {http://adsabs.harvard.edu/abs/2007MNRAS.379.1475S},
  Archiveprefix            = {arXiv},
  Doi                      = {10.1111/j.1365-2966.2007.12026.x},
  Eprint                   = {0704.1773},
  File                     = {2007MNRAS.379.1475S.pdf:2007MNRAS.379.1475S.pdf:PDF},
  Keywords                 = {galaxies: evolution, galaxies: formation, galaxies: haloes, galaxies: kinematics and dynamics},
  Owner                    = {magda},
  Timestamp                = {2014.07.17}
}

@Article{2011MNRAS.418..648S,
  Title                    = {{Clues to the 'Magellanic Galaxy' from cosmological simulations}},
  Author                   = {{Sales}, L.~V. and {Navarro}, J.~F. and {Cooper}, A.~P. and {White}, S.~D.~M. and {Frenk}, C.~S. and {Helmi}, A.},
  Journal                  = {\mnras},
  Year                     = {2011},

  Month                    = nov,
  Pages                    = {648-658},
  Volume                   = {418},

  Adsnote                  = {Provided by the SAO/NASA Astrophysics Data System},
  Adsurl                   = {http://adsabs.harvard.edu/abs/2011MNRAS.418..648S},
  Archiveprefix            = {arXiv},
  Doi                      = {10.1111/j.1365-2966.2011.19514.x},
  Eprint                   = {1105.0425},
  File                     = {2011MNRAS.418..648S.pdf:2011MNRAS.418..648S.pdf:PDF},
  Keywords                 = {galaxies: evolution, galaxies: formation, galaxies: haloes, galaxies: kinematics and dynamics, Magellanic Clouds},
  Primaryclass             = {astro-ph.GA}
}

@Article{2007MNRAS.382.1901S,
  Title                    = {{Satellite galaxies and fossil groups in the Millennium Simulation}},
  Author                   = {{Sales}, L.~V. and {Navarro}, J.~F. and {Lambas}, D.~G. and {White}, S.~D.~M. and {Croton}, D.~J.},
  Journal                  = {\mnras},
  Year                     = {2007},

  Month                    = dec,
  Pages                    = {1901-1916},
  Volume                   = {382},

  Adsnote                  = {Provided by the SAO/NASA Astrophysics Data System},
  Adsurl                   = {http://adsabs.harvard.edu/abs/2007MNRAS.382.1901S},
  Archiveprefix            = {arXiv},
  Doi                      = {10.1111/j.1365-2966.2007.12507.x},
  Eprint                   = {0706.2009},
  Keywords                 = {methods: statistical, galaxies: haloes, galaxies: kinematics and dynamics, dark matter}
}

@Article{2013MNRAS.428..573S,
  Title                    = {{Satellites and haloes of dwarf galaxies}},
  Author                   = {{Sales}, L.~V. and {Wang}, W. and {White}, S.~D.~M. and {Navarro}, J.~F. },
  Journal                  = {\mnras},
  Year                     = {2013},

  Month                    = jan,
  Pages                    = {573-578},
  Volume                   = {428},

  Adsnote                  = {Provided by the SAO/NASA Astrophysics Data System},
  Adsurl                   = {http://adsabs.harvard.edu/abs/2013MNRAS.428..573S},
  Archiveprefix            = {arXiv},
  Doi                      = {10.1093/mnras/sts054},
  Eprint                   = {1208.2027},
  File                     = {2013MNRAS.428..573S.pdf:2013MNRAS.428..573S.pdf:PDF},
  Keywords                 = {galaxies: dwarf, galaxies: formation, galaxies: haloes},
  Primaryclass             = {astro-ph.CO}
}

@Article{2005MNRAS.364.1105S,
  Title                    = {{The cosmological simulation code GADGET-2}},
  Author                   = {{Springel}, V.},
  Journal                  = {\mnras},
  Year                     = {2005},

  Month                    = dec,
  Pages                    = {1105-1134},
  Volume                   = {364},

  Adsnote                  = {Provided by the SAO/NASA Astrophysics Data System},
  Adsurl                   = {http://adsabs.harvard.edu/abs/2005MNRAS.364.1105S},
  Doi                      = {10.1111/j.1365-2966.2005.09655.x},
  Eprint                   = {arXiv:astro-ph/0505010},
  File                     = {:j.1365-2966.2005.09655.x.pdf:PDF},
  Keywords                 = {methods: numerical, galaxies: interactions, dark matter},
  Owner                    = {magda},
  Timestamp                = {2014.05.12}
}

@Article{2006AJ....132..729T,
  Title                    = {{Associations of Dwarf Galaxies}},
  Author                   = {{Tully}, R.~B. and {Rizzi}, L. and {Dolphin}, A.~E. and {Karachentsev}, I.~D. and {Karachentseva}, V.~E. and {Makarov}, D.~I. and {Makarova}, L. and {Sakai}, S. and {Shaya}, E.~J.},
  Journal                  = {\aj},
  Year                     = {2006},

  Month                    = aug,
  Pages                    = {729-748},
  Volume                   = {132},

  Adsnote                  = {Provided by the SAO/NASA Astrophysics Data System},
  Adsurl                   = {http://adsabs.harvard.edu/abs/2006AJ....132..729T},
  Doi                      = {10.1086/505466},
  Eprint                   = {astro-ph/0603380},
  File                     = {2006AJ....132..729T.pdf:2006AJ....132..729T.pdf:PDF},
  Keywords                 = {Cosmology: Dark Matter, Galaxies: Clusters: General, Galaxies: Distances and Redshifts},
  Owner                    = {magda},
  Timestamp                = {2014.07.17}
}

@Article{1999A&ARv...9..273V,
  Title                    = {{The local group of galaxies}},
  Author                   = {{van den Bergh}, S.},
  Journal                  = {\aapr},
  Year                     = {1999},
  Pages                    = {273-318},
  Volume                   = {9},

  Adsnote                  = {Provided by the SAO/NASA Astrophysics Data System},
  Adsurl                   = {http://adsabs.harvard.edu/abs/1999A%26ARv...9..273V},
  Doi                      = {10.1007/s001590050019},
  File                     = {1999A&ARv...9..273V.pdf:1999A&ARv...9..273V.pdf:PDF},
  Keywords                 = {Galaxies: clusters, Galaxies: Local Group, Galaxies: Magellanic Clouds},
  Owner                    = {magda},
  Timestamp                = {2014.07.17}
}

@Article{1998AJ....116.1688V,
  Title                    = {{The Binary Galaxies NGC 147 and NGC 185}},
  Author                   = {{van den Bergh}, S.},
  Journal                  = {\aj},
  Year                     = {1998},

  Month                    = oct,
  Pages                    = {1688-1689},
  Volume                   = {116},

  Adsnote                  = {Provided by the SAO/NASA Astrophysics Data System},
  Adsurl                   = {http://adsabs.harvard.edu/abs/1998AJ....116.1688V},
  Doi                      = {10.1086/300576},
  Eprint                   = {astro-ph/9807083},
  File                     = {1998AJ....116.1688V.pdf:1998AJ....116.1688V.pdf:PDF},
  Keywords                 = {GALAXIES: INDIVIDUAL (NGC 147, NGC 185), GALAXIES: LOCAL GROUP},
  Owner                    = {magda},
  Timestamp                = {2014.01.19}
}

@Article{2013MNRAS.435.3654V,
  Title                    = {{Newly discovered globular clusters in NGC 147 and NGC 185 from PAndAS}},
  Author                   = {{Veljanoski}, J. and {Ferguson}, A.~M.~N. and {Huxor}, A.~P. and {Mackey}, A.~D. and {Fishlock}, C.~K. and {Irwin}, M.~J. and {Tanvir}, N. and {Chapman}, S.~C. and {Ibata}, R.~A. and {Lewis}, G.~F. and {McConnachie}, A.},
  Journal                  = {\mnras},
  Year                     = {2013},

  Month                    = nov,
  Pages                    = {3654-3666},
  Volume                   = {435},

  Adsnote                  = {Provided by the SAO/NASA Astrophysics Data System},
  Adsurl                   = {http://adsabs.harvard.edu/abs/2013MNRAS.435.3654V},
  Archiveprefix            = {arXiv},
  Doi                      = {10.1093/mnras/stt1557},
  Eprint                   = {1308.3636},
  Keywords                 = {galaxies: globular clusters: general, galaxies: individual: NGC 147, galaxies: individual: NGC 185},
  Primaryclass             = {astro-ph.CO}
}

@Article{1998A&AS..132..417W,
  Title                    = {{Determination of orbital parameters of interacting galaxies using a genetic algorithm. Description of the method and application to artificial data}},
  Author                   = {{Wahde}, M.},
  Journal                  = {\aaps},
  Year                     = {1998},

  Month                    = nov,
  Pages                    = {417-429},
  Volume                   = {132},

  Adsnote                  = {Provided by the SAO/NASA Astrophysics Data System},
  Adsurl                   = {http://adsabs.harvard.edu/abs/1998A%26AS..132..417W},
  Doi                      = {10.1051/aas:1998450},
  Eprint                   = {arXiv:astro-ph/9710278},
  File                     = {1998A&AS..132..417W.pdf:1998A&AS..132..417W.pdf:PDF},
  Keywords                 = {GALAXIES: INTERACTIONS, GALAXIES: KINEMATICS AND DYNAMICS, METHODS: N-BODY SIMULATIONS},
  Owner                    = {magda},
  Timestamp                = {2014.07.16}
}

@Article{2013MNRAS.430..971W,
  Title                    = {{A census of orbital properties of the M31 satellites}},
  Author                   = {{Watkins}, L.~L. and {Evans}, N.~W. and {van de Ven}, G.},
  Journal                  = {\mnras},
  Year                     = {2013},

  Month                    = apr,
  Pages                    = {971-985},
  Volume                   = {430},

  Adsnote                  = {Provided by the SAO/NASA Astrophysics Data System},
  Adsurl                   = {http://adsabs.harvard.edu/abs/2013MNRAS.430..971W},
  Archiveprefix            = {arXiv},
  Doi                      = {10.1093/mnras/sts634},
  Eprint                   = {1211.2638},
  File                     = {2013MNRAS.430..971W.pdf:2013MNRAS.430..971W.pdf:PDF},
  Keywords                 = {galaxies: dwarf, galaxies: individual: M31, galaxies: kinematics and dynamics, Local Group},
  Owner                    = {magda},
  Primaryclass             = {astro-ph.CO},
  Timestamp                = {2014.07.16}
}

@Article{2008ApJ...679.1239W,
  Title                    = {{Dynamical Blueprints for Galaxies}},
  Author                   = {{Widrow}, L.~M. and {Pym}, B. and {Dubinski}, J.},
  Journal                  = {\apj},
  Year                     = {2008},

  Month                    = jun,
  Pages                    = {1239-1259},
  Volume                   = {679},

  Adsnote                  = {Provided by the SAO/NASA Astrophysics Data System},
  Adsurl                   = {http://adsabs.harvard.edu/abs/2008ApJ...679.1239W},
  Archiveprefix            = {arXiv},
  Doi                      = {10.1086/587636},
  Eprint                   = {0801.3414},
  File                     = {2008ApJ...679.1239W.pdf:2008ApJ...679.1239W.pdf:PDF},
  Keywords                 = {Cosmology: Dark Matter, Galaxy: Kinematics and Dynamics, Methods: n-Body Simulations, Methods: Statistical},
  Owner                    = {magda},
  Timestamp                = {2014.07.21}
}

@comment{jabref-meta: selector_publisher:}

@comment{jabref-meta: selector_author:}

@comment{jabref-meta: selector_journal:}

@comment{jabref-meta: selector_keywords:}

